@misc{shukla2022identification,
  author       = {Sanjeev Shukla and Himanshu Gupta},
  title        = {Identification and Counting of Hosts Behind NAT Using Machine Learning},
  howpublished = {SN Computer Science, Volume 3, Issue 2, Page 126, Springer},
  year         = {2022}
}

@misc{nassar2023generalizable,
  author       = {Reem Nassar and Imad H Elhajj and Ayman Kayssi and Samer Salam},
  title        = {A Generalizable Machine Learning Model for NAT Detection},
  howpublished = {Presented at the 2023 International Conference on Intelligent Computing, Communication, Networking and Services (ICCNS), IEEE},
  pages        = {44--49},
  year         = {2023}
}

@misc{nassar2021identifying,
  author       = {Reem Nassar and Imad Elhajj and Ayman Kayssi and Samer Salam},
  title        = {Identifying NAT Devices to Detect Shadow IT: A Machine Learning Approach},
  howpublished = {Presented at the 2021 IEEE/ACS 18th International Conference on Computer Systems and Applications (AICCSA), IEEE},
  pages        = {1--7},
  year         = {2021}
}

@misc{khatouni2019exploring,
  author       = {Ali Safari Khatouni and Lan Zhang and Khurram Aziz and Ibrahim Zincir and Nur Zincir-Heywood},
  title        = {Exploring NAT Detection and Host Identification Using Machine Learning},
  howpublished = {Presented at the 2019 15th International Conference on Network and Service Management (CNSM), IEEE},
  pages        = {1--8},
  year         = {2019}
}

@misc{zhang2018exploring,
  author       = {Lan Zhang},
  title        = {Exploring NAT Detection and Host Identification},
  howpublished = {Unpublished Manuscript},
  year         = {2018}
}

@misc{adler2023polynomial,
  author       = {Ari Adler and Lior Bass and Yuval Elovici and Rami Puzis},
  title        = {How Polynomial Regression Improves DeNATing},
  howpublished = {IEEE Transactions on Network and Service Management, IEEE},
  year         = {2023}
}
